@Misc{caretrx,
  title =        {Asthma and COPD Management Made Simple},
  author =       {CareTRx},
  howpublished = {Web},
  month =        {March},
  day =          10,
  year =         2017,
  note =         {Retrieved May , 2017 from
                  \url{https://www.caretrx.com/}},
}

@misc{farr_2016, title={IBM Is Using Weather Data To Help Predict Asthma Attacks}, url={https://www.fastcompany.com/3064996/ibm-is-using-weather-data-to-help-predict-asthma-attacks}, journal={Fast Company}, publisher={Fast Company}, author={Farr, Christina}, year={2016}, month={Oct}}

@article{weber, title={Assessing the impact of fine particulate matter (PM 2.5 ) on respiratory-cardiovascular chronic diseases in the New York City Metropolitan area using Hierarchical Bayesian Model estimates}, volume={151}, DOI={10.1016/j.envres.2016.07.012}, journal={Environmental Research}, author={Weber, Stephanie A. and Insaf, Tabassum Z. and Hall, Eric S. and Talbot, Thomas O. and Huff, Amy K.}, year={2016}, pages={399–409}}

@Misc{asthma:flyer,
  author =       {EPA},
  howpublished = {Flyer},
  title =        {ASTHMA AND OUTDOOR AIR POLLUTION},
  month =        {May},
  day =          1,
  year =         2014,
  note =         {Retrieved May 3, 2017 from
                  \url{https://www3.epa.gov/airnow/asthma-flyer.pdf}},
}

@misc{seeed, title={Grove - Dust Sensor}, url={http://wiki.seeed.cc/Grove-Dust_Sensor/}, journal={Seeed Wiki}, author={Team, Seeedstudio}}

@article{lowpower,
  title={Low-Power Wearable Systems for Continuous Monitoring of Environment and Health for Chronic Respiratory Disease},
  volume={20}, DOI={10.1109/jbhi.2016.2573286},
  number={5},
  journal={IEEE Journal of Biomedical and Health Informatics},
  author={Dieffenderfer, James and Goodell, Henry and Mills, Steven and Mcknight, Michael and Yao, Shanshan and Lin, Feiyan and Beppler, Eric and Bent, Brinnae and Lee, Bongmook and Misra, Veena and et al.}, year={2016}, pages={1251–1264}}

@misc{whereami, title={robmathers/WhereAmI}, url={https://github.com/robmathers/WhereAmI}, journal={GitHub}, author={Robmathers}, year={2013}, month={Aug}}

@misc{zahradnik, title={How Does a Wi-Fi Positioning System Work?}, url={https://www.lifewire.com/wifi-positioning-system-1683343}, journal={Lifewire}, author={Zahradnik, Fred}}
